% This file was created with JabRef 2.4.2.
% Encoding: UTF8

% ----- LIT REVIEW START -----

@article{tian2017hierarchical,
  title={Hierarchical and networked vehicle surveillance in its: A survey},
  author={Tian, Bin and Morris, Brendan Tran and Tang, Ming and Liu, Yuqiang and Yao, Yanjie and Gou, Chao and Shen, Dayong and Tang, Shaohu},
  journal={IEEE Transactions on Intelligent Transportation Systems},
  volume={18},
  number={1},
  pages={25--48},
  year={2017},
  publisher={IEEE}
}

@article{chandran2017review,
  title={A Review on Video-Based Techniques for Vehicle Detection, Tracking and Behavior Understanding},
  author={Chandran, Ranjeethkumar and Raman, Naveen},
  journal={International Journal of Advances in Computer and Electronics Engineering},
  volume={2},
  number={5},
  pages={07--13},
  year={2017}
}

@article{hsieh2015vehicle,
  title={Vehicle color classification under different lighting conditions through color correction},
  author={Hsieh, Jun-Wei and Chen, Li-Chih and Chen, Sin-Yu and Chen, Duan-Yu and Alghyaline, Salah and Chiang, Hui-Fen},
  journal={IEEE Sensors Journal},
  volume={15},
  number={2},
  pages={971--983},
  year={2015},
  publisher={IEEE}
}

@inproceedings{jeong2017homogeneity,
  title={Homogeneity patch search method for efficient vehicle color classification using front-of-vehicle image},
  author={Jeong, Yoosoo and Park, Kil Houm and Park, Daejin},
  booktitle={2017 IEEE International Conference on Imaging Systems and Techniques (IST)},
  pages={1--5},
  year={2017},
  organization={IEEE}
}

@article{zhang2017vehicle,
  title={Vehicle Color Recognition with Vehicle-Color Saliency Detection and Dual-Orientational Dimensionality Reduction of CNN Deep Features},
  author={Zhang, Qiang and Li, Jiafeng and Zhuo, Li and Zhang, Hui and Li, Xiaoguang},
  journal={Sensing and Imaging},
  volume={18},
  number={1},
  pages={20},
  year={2017},
  publisher={Springer}
}

@inproceedings{kim2008deciding,
  title={Deciding the number of color histogram bins for vehicle color recognition},
  author={Kim, Ku-Jin and Park, Sun-Mi and Choi, Yoo-Joo},
  booktitle={2008 IEEE Asia-Pacific Services Computing Conference},
  pages={134--138},
  year={2008},
  organization={IEEE}
}

@article{chen2014vehicle,
  title={Vehicle color recognition on urban road by feature context},
  author={Chen, Pan and Bai, Xiang and Liu, Wenyu},
  journal={IEEE Transactions on Intelligent Transportation Systems},
  volume={15},
  number={5},
  pages={2340--2346},
  year={2014},
  publisher={IEEE}
}


@article{hu2015vehicle,
  title={Vehicle color recognition with spatial pyramid deep learning},
  author={Hu, Chuanping and Bai, Xiang and Qi, Li and Chen, Pan and Xue, Gengjian and Mei, Lin},
  journal={IEEE Transactions on Intelligent Transportation Systems},
  volume={16},
  number={5},
  pages={2925--2934},
  year={2015},
  publisher={IEEE}
}

@inproceedings{liu2016deep,
  title={A deep learning-based approach to progressive vehicle re-identification for urban surveillance},
  author={Liu, Xinchen and Liu, Wu and Mei, Tao and Ma, Huadong},
  booktitle={European Conference on Computer Vision},
  pages={869--884},
  year={2016},
  organization={Springer}
}

@inproceedings{liu2016deep2,
  title={Deep relative distance learning: Tell the difference between similar vehicles},
  author={Liu, Hongye and Tian, Yonghong and Yang, Yaowei and Pang, Lu and Huang, Tiejun},
  booktitle={Proceedings of the IEEE Conference on Computer Vision and Pattern Recognition},
  pages={2167--2175},
  year={2016}
}

@inproceedings{shen2017learning,
  title={Learning deep neural networks for vehicle re-id with visual-spatio-temporal path proposals},
  author={Shen, Yantao and Xiao, Tong and Li, Hongsheng and Yi, Shuai and Wang, Xiaogang},
  booktitle={Proceedings of the IEEE International Conference on Computer Vision},
  pages={1900--1909},
  year={2017}
}

@article{van2009learning,
  title={Learning color names for real-world applications},
  author={Van De Weijer, Joost and Schmid, Cordelia and Verbeek, Jakob and Larlus, Diane},
  journal={IEEE Transactions on Image Processing},
  volume={18},
  number={7},
  pages={1512--1523},
  year={2009},
  publisher={IEEE}
}

@article{zaslavsky2018efficient,
  title={Efficient compression in color naming and its evolution},
  author={Zaslavsky, Noga and Kemp, Charles and Regier, Terry and Tishby, Naftali},
  journal={Proceedings of the National Academy of Sciences},
  volume={115},
  number={31},
  pages={7937--7942},
  year={2018},
  publisher={National Acad Sciences}
}

@article{yu2018beyond,
  title={Beyond eleven color names for image understanding},
  author={Yu, Lu and Zhang, Lichao and van de Weijer, Joost and Khan, Fahad Shahbaz and Cheng, Yongmei and Parraga, C Alejandro},
  journal={Machine Vision and Applications},
  volume={29},
  number={2},
  pages={361--373},
  year={2018},
  publisher={Springer}
}

@article{ding2015deep,
  title={Deep feature learning with relative distance comparison for person re-identification},
  author={Ding, Shengyong and Lin, Liang and Wang, Guangrun and Chao, Hongyang},
  journal={Pattern Recognition},
  volume={48},
  number={10},
  pages={2993--3003},
  year={2015},
  publisher={Elsevier}
}


@article{benavente2008parametric,
  title={Parametric fuzzy sets for automatic color naming},
  author={Benavente, Robert and Vanrell, Maria and Baldrich, Ramon},
  journal={JOSA A},
  volume={25},
  number={10},
  pages={2582--2593},
  year={2008},
  publisher={Optical Society of America}
}

@book{kay2009world,
  title={The world color survey},
  author={Kay, Paul and Berlin, Brent and Maffi, Luisa and Merrifield, William R and Cook, Richard},
  year={2009},
  publisher={CSLI Publications Stanford}
}


% ----- LIT REVIEW END -----

@techreport{barrow1977parametric,
  title={Parametric correspondence and chamfer matching: Two new techniques for image matching},
  author={Barrow, Harry G and Tenenbaum, Jay M and Bolles, Robert C and Wolf, Helen C},
  year={1977},
  institution={SRI INTERNATIONAL MENLO PARK CA ARTIFICIAL INTELLIGENCE CENTER}
}


@misc{eyespectrum, title={Normalized human photoreceptor absorbances for different wavelengths of light}, 
author={OpenStax College},
year={2013},
url={https://cnx.org/contents/FPtK1zmh@6.27:s3XqfSLV@4/Sensory-Perception}}


@misc{nixsensorltd, title={Nix Mini Color Sensor | The perfect tool for paint color matching}, url={https://www.nixsensor.com/nix-mini/}, journal={Nix Sensor Ltd}} 

@misc{adafruit, title={Adafruit TCS34725 RGB Sensor}, url={https://www.adafruit.com/product/1334}, journal={Adafruit}}

@article{munroe2010color,
  title={Color survey results},
  author={Munroe, Randall},
  journal={Online at http://blog. xkcd. com/2010/05/03/color-surveyresults},
  year={2010}
}

@book{berlinandkay,
    author    = {Berlin Brent and Paul Kay},
    title     = {Basic color terms: Their universality and evolution},
    year      = {1991},
    publisher = {Univ of California Press}
}


@article{castanon2016retrieval,
  title={Retrieval in Long-Surveillance Videos Using User-Described Motion and Object Attributes},
  author={Casta{\~n}{\'o}n, Gregory and Elgharib, Mohamed and Saligrama, Venkatesh and Jodoin, Pierre-Marc},
  journal={IEEE Transactions on Circuits and Systems for Video Technology},
  volume={26},
  number={12},
  pages={2313--2327},
  year={2016},
  publisher={IEEE}
}

@article{feris2012large,
  title={Large-scale vehicle detection, indexing, and search in urban surveillance videos},
  author={Feris, Rogerio Schmidt and Siddiquie, Behjat and Petterson, James and Zhai, Yun and Datta, Ankur and Brown, Lisa M and Pankanti, Sharath},
  journal={IEEE Transactions on Multimedia},
  volume={14},
  number={1},
  pages={28--42},
  year={2012},
  publisher={IEEE}
}



@article{dehghan2017view,
  title={View Independent Vehicle Make, Model and Color Recognition Using Convolutional Neural Network},
  author={Dehghan, Afshin and Masood, Syed Zain and Shu, Guang and Ortiz, Enrique and others},
  journal={arXiv preprint arXiv:1702.01721},
  year={2017}
}

@article{rachmadi2015vehicle,
  title={Vehicle color recognition using convolutional neural network},
  author={Rachmadi, Reza Fuad and Purnama, I},
  journal={arXiv preprint arXiv:1510.07391},
  year={2015}
}


@inproceedings{moghimi2014shadow,
  title={Shadow detection based on combinations of HSV color space and orthogonal transformation in surveillance videos},
  author={Moghimi, Mohammad Kazem and Pourghassem, Hossein},
  booktitle={Intelligent Systems (ICIS), 2014 Iranian Conference on},
  pages={1--6},
  year={2014},
  organization={IEEE}
}

@article{zhang2013mining,
  title={Mining semantic context information for intelligent video surveillance of traffic scenes},
  author={Zhang, Tianzhu and Liu, Si and Xu, Changsheng and Lu, Hanqing},
  journal={IEEE transactions on industrial informatics},
  volume={9},
  number={1},
  pages={149--160},
  year={2013},
  publisher={IEEE}
}

@article{d2015designing,
  title={Designing huge repositories of moving vehicles trajectories for efficient extraction of semantic data},
  author={d'Acierno, Antonio and Saggese, Alessia and Vento, Mario},
  journal={IEEE Transactions on Intelligent Transportation Systems},
  volume={16},
  number={4},
  pages={2038--2049},
  year={2015},
  publisher={IEEE}
}

@inproceedings{redmon2016you,
  title={You only look once: Unified, real-time object detection},
  author={Redmon, Joseph and Divvala, Santosh and Girshick, Ross and Farhadi, Ali},
  booktitle={Proceedings of the IEEE Conference on Computer Vision and Pattern Recognition},
  pages={779--788},
  year={2016}
}

@inproceedings{jermsurawong2012car,
  title={Car parking vacancy detection and its application in 24-hour statistical analysis},
  author={Jermsurawong, Jermsak and Ahsan, Mian Umair and Haidar, Abdulhamid and Dong, Haiwei and Mavridis, Nikolaos},
  booktitle={Frontiers of Info. Tech. (FIT), Int. Conf. on},
  pages={84--90},
  year={2012}
}

@article{yusnita2012intelligent,
  title={Intelligent Parking Space Detection System Based on Image Processing},
  author={Yusnita, R and Norbaya, Fariza and Basharuddin, Norazwinawati},
  journal={Int. Jour. of Innovation, Management and Technology},
  volume={3},
  number={3},
  pages={232},
  year={2012},
  publisher={IACSIT Press}
}

@article{jodoin2016tracking,
  title={Tracking all road users at multimodal urban traffic intersections},
  author={Jodoin, Jean-Philippe and Bilodeau, Guillaume-Alexandre and Saunier, Nicolas},
  journal={IEEE Trans. on Intell. Transportation Sys.},
  volume={17},
  number={11},
  pages={3241--3251},
  year={2016},
  publisher={IEEE}
}

@inproceedings{yang2012smart,
  title={Smart parking service based on wireless sensor networks},
  author={Yang, Jihoon and Portilla, Jorge and Riesgo, Teresa},
  booktitle={38th Annual Conf. on IEEE Industrial Electronics Society},
  pages={6029--6034},
  year={2012},
  organization={IEEE}
}

@inproceedings{indu2013video,
  title={Video based adaptive road traffic signaling},
  author={Indu, S and Nair, Varun and Jain, Shashwat and Chaudhury, Santanu},
  booktitle={Distributed Smart Cameras (ICDSC), 2013 Seventh International Conference on},
  pages={1--6},
  year={2013},
  organization={IEEE}
}

@article{nicolas2014video,
  title={Video traffic analysis using scene and vehicle models},
  author={Nicolas, Henri and Brulin, Mathieu},
  journal={Signal Processing: Image Communication},
  volume={29},
  number={8},
  pages={807--830},
  year={2014},
  publisher={Elsevier}
}

@article{marmol2016quickspot,
  title={QuickSpot: a video analytics solution for on-street vacant parking spot detection},
  author={M{\`a}rmol, Elena and Sevillano, Xavier},
  journal={Multimedia Tools and Applications},
  volume={75},
  number={24},
  pages={17711--17743},
  year={2016},
  publisher={Springer}
}

@article{parekh2014survey,
  title={A survey on object detection and tracking methods},
  author={Parekh, Himani S and Thakore, Darshak G and Jaliya, Udesang K},
  journal={Int. Journal of Innov. Res. in Comp. and Comm. Eng.},
  volume={2},
  number={2},
  pages={2970--2979},
  year={2014}
}

@article{sobral2014comprehensive,
  title={A comprehensive review of background subtraction algorithms evaluated with synthetic and real videos},
  author={Sobral, Andrews and Vacavant, Antoine},
  journal={Comp. Vision and Image Und.},
  volume={122},
  pages={4--21},
  year={2014},
  publisher={Elsevier}
}

@article{barnich2011vibe,
  title={ViBe: A universal background subtraction algorithm for video sequences},
  author={Barnich, Olivier and Van Droogenbroeck, Marc},
  journal={IEEE Transactions on Image Processing},
  volume={20},
  number={6},
  pages={1709--1724},
  year={2011},
  publisher={IEEE}
}

@article{zhang2012object,
  title={Object tracking and detecting based on adaptive background subtraction},
  author={Zhang, Ruolin and Ding, Jian},
  journal={Procedia Engineering},
  volume={29},
  pages={1351--1355},
  year={2012},
  publisher={Elsevier}
}

@article{aslani2013optical,
  title={Optical flow based moving object detection and tracking for traffic surveillance},
  author={Aslani, Sepehr and Mahdavi-Nasab, Homayoun},
  journal={Int. Journal of Electrical, Electronics, Comm., Energy Sci. and Eng.},
  volume={7},
  number={9},
  pages={789--793},
  year={2013}
}

@article{indu2011vehicle,
  title={Vehicle tracking and speed estimation using optical flow method},
  author={Indu, S and Gupta, Manjari and Bhattacharyya, Asok},
  journal={Int. J. Engineering Science and Technology},
  volume={3},
  number={1},
  pages={429--434},
  year={2011}
}

@article{dubska2015fully,
  title={Fully automatic roadside camera calibration for traffic surveillance},
  author={Dubsk{\'a}, Mark{\'e}ta and Herout, Adam and Jur{\'a}nek, Roman and Sochor, Jakub},
  journal={IEEE Trans. on Intell. Transportation Sys.},
  volume={16},
  number={3},
  pages={1162--1171},
  year={2015},
  publisher={IEEE}
}

@inproceedings{dalal2005hog,
  title={Histograms of oriented gradients for human detection},
  author={Dalal, Navneet and Triggs, Bill},
  booktitle={IEEE CVPR},
  volume={1},
  pages={886--893},
  year={2005}
}

@inproceedings{chen2010vision,
  title={Vision-based vehicle surveillance and parking lot management using multiple cameras},
  author={Chen, Li-Chih and Hsieh, Jun-Wei and Lai, Wei-Ru and Wu, Chih-Xuan and Chen, Shin-Yu},
  booktitle={Intell. Info. Hiding and Multimedia Signal Proc., 6th Int. Conf. on},
  pages={631--634},
  year={2010}
}



@inproceedings{lim2017,
  title={On vehicle state tracking for long-term carpark video surveillance},
  author={Lim, Ryan Woei-Sheng and Cheong, Clarence Weihan and See, John and Tan, Ian KT and Wong, Lai-Kuan and Khor, Huai-Qian},
  booktitle={Signal and Image Processing Applications (ICSIPA), 2017 IEEE International Conference on},
  pages={368--373},
  year={2017},
  organization={IEEE}
}



@misc{spors_2018, title={Quantization of Signals}, url={https://github.com/spatialaudio/digital-signal-processing-lecture/blob/master/quantization/introduction.ipynb}, author={Spors, Sascha}, year={2018}, month={Oct}} 


@inproceedings{cheong2018vehicle,
  title={Vehicle Semantics Extraction and Retrieval for Long-Term Carpark Video Surveillance},
  author={Cheong, Clarence Weihan and Lim, Ryan Woei-Sheng and See, John and Wong, Lai-Kuan and Tan, Ian KT and Aris, Azrin},
  booktitle={International Conference on Multimedia Modeling},
  pages={315--326},
  year={2018},
  organization={Springer}
}


@misc{riemersma, title={Colour metric}, url={https://www.compuphase.com/cmetric.htm}, journal={Axonometric projections - a technical overview}, author={Riemersma, Thiadmer}}
A low-cost approximation of L*U*V using RGB values